<record><leader>00000cas a2200000Ma 4500</leader><controlfield tag="001">210505058</controlfield><controlfield tag="008">830314d1844185uiluwr ne      0   a0eng  </controlfield><datafield ind1=" " ind2=" " tag="010"><subfield code="a">sn 82016385 </subfield></datafield><datafield ind1=" " ind2=" " tag="040"><subfield code="a">DLC</subfield><subfield code="b">eng</subfield><subfield code="c">AQM</subfield><subfield code="d">OCLCQ</subfield></datafield><datafield ind1="0" ind2="0" tag="245"><subfield code="a">Chicago weekly journal.</subfield></datafield><datafield ind1=" " ind2=" " tag="260"><subfield code="a">Chicago, Ill. :</subfield><subfield code="b">R.L. Wilson</subfield></datafield><datafield ind1=" " ind2=" " tag="300"><subfield code="a">v. :</subfield><subfield code="b">ill. (chiefly advertisements) ;</subfield><subfield code="c">70 cm.</subfield></datafield><datafield ind1=" " ind2=" " tag="310"><subfield code="a">Weekly</subfield></datafield><datafield ind1="1" ind2=" " tag="362"><subfield code="a">Began in 1844.</subfield><subfield code="z">Cf. Amer. newspapers, 1821-1936.</subfield></datafield><datafield ind1=" " ind2=" " tag="515"><subfield code="a">Whole numbering added.</subfield></datafield><datafield ind1=" " ind2=" " tag="580"><subfield code="a">Issued also in daily and triweekly editions.</subfield></datafield><datafield ind1=" " ind2=" " tag="588"><subfield code="a">Description based on: Vol. 1, no. 52 (Apr. 21, 1845).</subfield></datafield><datafield ind1=" " ind2="7" tag="655"><subfield code="a">Newspapers.</subfield><subfield code="2">rbgenr</subfield></datafield><datafield ind1=" " ind2=" " tag="752"><subfield code="a">United States</subfield><subfield code="b">Illinois</subfield><subfield code="c">Cook</subfield><subfield code="d">Chicago.</subfield></datafield><datafield ind1="1" ind2=" " tag="775"><subfield code="t">Chicago daily journal (Chicago, Ill. : 1844)</subfield><subfield code="w">(DLC)sn 82016293</subfield></datafield><datafield ind1="1" ind2=" " tag="775"><subfield code="t">Chicago evening journal (Chicago, Ill. : 1861)</subfield><subfield code="w">(DLC)sn 82016386</subfield></datafield><datafield ind1="1" ind2=" " tag="775"><subfield code="t">Chicago journal (Chicago, Ill. : Daily)</subfield><subfield code="w">(DLC)sn 83045127</subfield></datafield><datafield ind1="1" ind2=" " tag="775"><subfield code="t">Chicago tri-weekly journal</subfield><subfield code="w">(DLC)sn 82016292</subfield></datafield><datafield ind1="0" ind2="0" tag="785"><subfield code="t">Weekly Chicago journal</subfield><subfield code="w">(DLC)sn 87082529</subfield></datafield></record>